@article{aach1998bayesian,
  title={Bayesian motion estimation for temporally recursive noise reduction in x-ray fluoroscopy},
  author={Aach, T and Kunz, D},
  journal={Philips Journal of Research},
  volume={51},
  number={2},
  pages={231--251},
  year={1998},
  publisher={Elsevier}
}